<marc:record xmlns:marc="http://www.loc.gov/MARC21/slim"><marc:leader>00595nam a22001570a 45 0</marc:leader><marc:controlfield tag="001">306872</marc:controlfield><marc:controlfield tag="003">NL-AMISG</marc:controlfield><marc:controlfield tag="005">19950210234845.0</marc:controlfield><marc:controlfield tag="008">199502suuuuuuuu||||||||||||||||||||||| d</marc:controlfield><marc:datafield ind1=" " ind2=" " tag="035"><marc:subfield code="a">(IISG)IISGb10058575</marc:subfield></marc:datafield><marc:datafield ind1=" " ind2=" " tag="040"><marc:subfield code="a">NL-AmISG</marc:subfield></marc:datafield><marc:datafield ind1="1" ind2=" " tag="100"><marc:subfield code="a">Birou, Alain.</marc:subfield></marc:datafield><marc:datafield ind1="1" ind2="0" tag="245"><marc:subfield code="a">Fuerzas campesinas y politicas agrarias en América latina. [Trad.].</marc:subfield></marc:datafield><marc:datafield ind1=" " ind2=" " tag="260"><marc:subfield code="a">Madrid :</marc:subfield><marc:subfield code="b">I.E.P.A.L.,</marc:subfield><marc:subfield code="c">1971.</marc:subfield></marc:datafield><marc:datafield ind1=" " ind2=" " tag="300"><marc:subfield code="a">287 p.</marc:subfield></marc:datafield><marc:datafield ind1=" " ind2=" " tag="690"><marc:subfield code="a">A 900</marc:subfield><marc:subfield code="b">Generalities; economics, political economy; economic problems, concepts, theories; agriculture</marc:subfield><marc:subfield code="c">Algemeen; economie; economische vraagstukken; agrarische problematiek.</marc:subfield></marc:datafield><marc:datafield ind1=" " ind2=" " tag="690"><marc:subfield code="a">LA</marc:subfield><marc:subfield code="b">Latin America; general surveys</marc:subfield><marc:subfield code="c">Latijns Amerika; algemeen.</marc:subfield></marc:datafield><marc:datafield ind1=" " ind2=" " tag="852"><marc:subfield code="a">IISG</marc:subfield><marc:subfield code="b">IISG</marc:subfield><marc:subfield code="c">IISG</marc:subfield><marc:subfield code="j">282/160</marc:subfield><marc:subfield code="p">N10057946</marc:subfield></marc:datafield><marc:datafield ind1=" " ind2=" " tag="901"><marc:subfield code="a">306872</marc:subfield><marc:subfield code="b">Unknown</marc:subfield><marc:subfield code="c">306872</marc:subfield><marc:subfield code="t">biblio</marc:subfield></marc:datafield><marc:datafield ind1=" " ind2=" " tag="902"><marc:subfield code="a">10622/815A42FF-AE16-4447-9EB6-E64B53AB4630</marc:subfield></marc:datafield></marc:record>